@Article{Bank1993,
author="Bank, Randolph E.
and Douglas, Craig C.",
title="Sparse matrix multiplication package (SMMP)",
journal="Advances in Computational Mathematics",
year="1993",
month="Feb",
day="01",
volume="1",
number="1",
pages="127--137",
abstract="Routines callable fromFortran and C are described which implement matrix-matrix multiplication and transposition for a variety of sparse matrix formats. Conversion routines between various formats are provided.",
issn="1572-9044",
doi="10.1007/BF02070824",
url="https://doi.org/10.1007/BF02070824"
}

