@book{boyd2004convex,
  title={Convex Optimization},
  author={Boyd, S. and Boyd, S.P. and Vandenberghe, L. and Cambridge University Press},
  isbn={9780521833783},
  lccn={03063284},
  series={Berichte {\"u}ber verteilte messysteme},
  url={https://books.google.com/books?id=mYm0bLd3fcoC},
  year={2004},
  publisher={Cambridge University Press}
}
