
















@article{doi:10.1002/cpa.21432,

journal = {Communications on Pure and Applied Mathematics},
volume = {66},
number = {8},
pages = {1241-1274},
doi = {10.1002/cpa.21432},
url = {https://onlinelibrary.wiley.com/doi/abs/10.1002/cpa.21432},
eprint = {https://onlinelibrary.wiley.com/doi/pdf/10.1002/cpa.21432}
}

