@article{article,
author = {Brodersen, Ditlev and Clemons, William and P. Carter, Andrew and J. Morgan-Warren, Robert and Wimberly, Brian and Ramakrishnan, V},
year = {2001},
month = {01},
pages = {1143-54},
title = {The Structural Basis for the Action of the Antibiotics Tetracycline, Pactamycin, and Hygromycin B on the 30S Ribosomal Subunit},
volume = {103},
booktitle = {Cell}
}