@article{DEABREU200753,
title = "Old and new results on algebraic connectivity of graphs",
journal = "Linear Algebra and its Applications",
volume = "423",
number = "1",
pages = "53 - 73",
year = "2007",
note = "Special Issue devoted to papers presented at the Aveiro Workshop on Graph Spectra",
issn = "0024-3795",
doi = "https://doi.org/10.1016/j.laa.2006.08.017",
url = "http://www.sciencedirect.com/science/article/pii/S0024379506003971",
author = "Nair Maria Maia de Abreu",
keywords = "Laplacian of graph, Algebraic connectivity, Vertex and edge connectivities, Bounds for the algebraic connectivity, Fiedler vectors, Limit points, Extremal graphs, Laplacian integral graphs"
}