@book{diestel2017graph,
  title={Graph Theory},
  author={Diestel, R.},
  isbn={9783662536223},
  series={Graduate Texts in Mathematics},
  url={https://books.google.com/books?id=Qjm0tAEACAAJ},
  year={2017},
  publisher={Springer Berlin Heidelberg}
}
