@proceeding{doi: 10.1117/12.895080,
author = { Matthew  Fickus,Dustin G. Mixon},
title = {Deterministic matrices with the restricted isometry property},
journal = {Proc.SPIE},
volume = {8138},
number = {},
pages = {8138 - 8138 - 6},
year = {2011},
doi = {10.1117/12.895080},
URL = {https://doi.org/10.1117/12.895080},
eprint = {}
}
