@article{article,
author = {Fiedler, Miroslav},
year = {1973},
month = {01},
pages = {298-305},
title = {Algebraic Connectivity of Graphs},
volume = {23},
booktitle = {Czechoslovak Mathematical Journal}
}