@ARTICLE{Fiedler73algebraicconnectivity,
	author = {M Fiedler},
	title = {Algebraic connectivity of graphs},
	journal = {Czechoslovak Mathematical Journal},
	year = {1973},
	number = {23},
	pages = {298--305}
}

