@article{article,
author = {C. Dainty, J and Fienup, James},
year = {1987},
month = {01},
pages = {},
title = {Phase retrieval and image reconstruction for astronomy},
volume = {13},
booktitle = {Image Recovery: Theory Appl}
}