@Article{franklin1953nature,
author={FRANKLIN, ROSALIND E.
and GOSLING, R. G.},
title={Molecular Configuration in Sodium Thymonucleate},
journal={Nature},
year={1953},
month={Apr},
day={25},
publisher={Nature Publishing Group SN  -},
volume={171},
pages={740 EP  -},
url={http://dx.doi.org/10.1038/171740a0}
}

