







@article{doi:10.1021/ed500343x,
author = {Galli, Simona},
title = {X-ray Crystallography: One Century of Nobel Prizes},
journal = {Journal of Chemical Education},
volume = {91},
number = {12},
pages = {2009-2012},
year = {2014},
doi = {10.1021/ed500343x},

URL = { 
        https://doi.org/10.1021/ed500343x
    
},
eprint = { 
        https://doi.org/10.1021/ed500343x
    
}

}


