@article{CIT-006,
url = {http://dx.doi.org/10.1561/0100000006},
year = {2006},
volume = {2},
journal = {Foundations and TrendsÂ® in Communications and Information Theory},
title = {Toeplitz and Circulant Matrices: A Review},
doi = {10.1561/0100000006},
issn = {1567-2190},
number = {3},
pages = {155-239},
author = {Robert M. Gray}
}