@article{GUO201836,
title = "Multi-source phase retrieval from multi-channel phaseless STFT measurements",
journal = "Signal Processing",
volume = "144",
pages = "36 - 40",
year = "2018",
issn = "0165-1684",
doi = "https://doi.org/10.1016/j.sigpro.2017.09.026",
url = "http://www.sciencedirect.com/science/article/pii/S0165168417303481",
author = "Yina Guo and Anhong Wang and Wenwu Wang",
keywords = "Multi-source phase retrieval, Short-time Fourier transform (STFT), Non-convex optimization, Independent component analysis (ICA)"
}