@Book{hauptman1953monograph,
author={Hauptman, Herbert Aaron
and Karle, Jerome},
title={Solution of the phase problem,},
year={1953},
publisher={American Crystallographic Association},
address={Ann Arbor, Mich.}
}

