@article{HAUSBRAND20153,
title = "Fundamental degradation mechanisms of layered oxide Li-ion battery cathode materials: Methodology, insights and novel approaches",
journal = "Materials Science and Engineering: B",
volume = "192",
pages = "3 - 25",
year = "2015",
note = "Electrical Fatigue",
issn = "0921-5107",
doi = "https://doi.org/10.1016/j.mseb.2014.11.014",
url = "http://www.sciencedirect.com/science/article/pii/S0921510714002657",
author = "R. Hausbrand and G. Cherkashinin and H. Ehrenberg and M. Gr√∂ting and K. Albe and C. Hess and W. Jaegermann"
}