@article {ABRAHAMSSON514,
	author = {ABRAHAMSSON, S and HODGKIN, DC and MASLEN, EN},
	title = {The crystal structure of phenoxymethylpenicillin},
	volume = {86},
	number = {3},
	pages = {514--535},
	year = {1963},
	doi = {10.1042/bj0860514},
	publisher = {Portland Press Limited},
	issn = {0264-6021},
	URL = {http://www.biochemj.org/content/86/3/514},
	eprint = {http://www.biochemj.org/content/86/3/514.full.pdf},
	journal = {Biochemical Journal}
}
