@article{KECH2018282,
title = "Explicit frames for deterministic phase retrieval via PhaseLift",
journal = "Applied and Computational Harmonic Analysis",
volume = "45",
number = "2",
pages = "282 - 298",
year = "2018",
issn = "1063-5203",
doi = "https://doi.org/10.1016/j.acha.2016.09.005",
url = "http://www.sciencedirect.com/science/article/pii/S1063520316300653",
author = "Michael Kech",
keywords = "Phase retrieval, PhaseLift, Low-rank matrix recovery, Quantum state tomography"
}