@Article{kroto1985fullerene,
author={Kroto, H. W.
and Heath, J. R.
and O'Brien, S. C.
and Curl, R. F.
and Smalley, R. E.},
title={C60: Buckminsterfullerene},
journal={Nature},
year={1985},
month={Nov},
day={14},
publisher={Nature Publishing Group SN  -},
volume={318},
pages={162 EP  -},
url={http://dx.doi.org/10.1038/318162a0}
}

