@Article{Kr?¤tschmer1990,
author={Kr??tschmer, W.
and Lamb, Lowell D.
and Fostiropoulos, K.
and Huffman, Donald R.},
title={Solid C60: a new form of carbon},
journal={Nature},
year={1990},
month={Sep},
day={27},
publisher={Nature Publishing Group SN  -},
volume={347},
pages={354 EP  -},
url={http://dx.doi.org/10.1038/347354a0}
}

