@Article{Rasmussen2007,
author={Rasmussen, S?{\textasciicedilla}ren G. F.
and Choi, Hee-Jung
and Rosenbaum, Daniel M.
and Kobilka, Tong Sun
and Thian, Foon Sun
and Edwards, Patricia C.
and Burghammer, Manfred
and Ratnala, Venkata R. P.
and Sanishvili, Ruslan
and Fischetti, Robert F.
and Schertler, Gebhard F. X.
and Weis, William I.
and Kobilka, Brian K.},
title={Crystal structure of the human {\^I}?2 adrenergic G-protein-coupled receptor},
journal={Nature},
year={2007},
month={Oct},
day={21},
publisher={Nature Publishing Group SN  -},
volume={450},
pages={383 EP  -},
note={Article},
url={http://dx.doi.org/10.1038/nature06325}
}

