@article{our_paper,
title = "Phase retrieval from local measurements: Improved robustness via eigenvector-based angular synchronization",
journal = "Applied and Computational Harmonic Analysis",
year = "2018",
issn = "1063-5203",
doi = "https://doi.org/10.1016/j.acha.2018.06.004",
url = "http://www.sciencedirect.com/science/article/pii/S1063520318301210",
author = "Mark A. Iwen and Brian Preskitt and Rayan Saab and Aditya Viswanathan",
keywords = "Phase retrieval, Ptychography, Signal recovery, Angular synchronization"
}