@proceeding{doi: 10.1117/12.2274355,
author = { Mark  Iwen,Brian  Preskitt,Rayan  Saab,Aditya  Viswanathan},
title = {Phase retrieval from local measurements in two dimensions},
journal = {Proc.SPIE},
volume = {10394},
number = {},
pages = {10394 - 10394 - 8},
year = {2017},
doi = {10.1117/12.2274355},
URL = {https://doi.org/10.1117/12.2274355},
eprint = {}
}
