@article{article,
author = {Putkunz, Corey and J D'Alfonso, Adrian and Morgan, Andrew and Weyland, Matthew and Dwyer, Christian and Bourgeois, Laure and Etheridge, Joanne and Roberts, Ann and E Scholten, Robert and Nugent, Keith and J Allen, Leslie},
year = {2012},
month = {02},
pages = {073901},
title = {Atom-Scale Ptychographic Electron Diffractive Imaging of Boron Nitride Cones},
volume = {108},
booktitle = {Physical review letters}
}