@article{shapiro2014nanometer,
author={Shapiro, David A.
and Yu, Young-Sang
and Tyliszczak, Tolek
and Cabana, Jordi
and Celestre, Rich
and Chao, Weilun
and Kaznatcheev, Konstantin
and Kilcoyne, A. L. David
and Maia, Filipe
and Marchesini, Stefano
and Meng, Y. Shirley
and Warwick, Tony
and Yang, Lee Lisheng
and Padmore, Howard A.},
title={Chemical composition mapping with nanometre resolution by soft X-ray microscopy},
journal={Nature Photonics},
year={2014},
month={Sep},
day={07},
publisher={Nature Publishing Group},
volume={8},
pages={765-769},
url={http://dx.doi.org/10.1038/nphoton.2014.207}
}

