@article{SINGER201120,
title = "Angular synchronization by eigenvectors and semidefinite programming",
journal = "Applied and Computational Harmonic Analysis",
volume = "30",
number = "1",
pages = "20 - 36",
year = "2011",
issn = "1063-5203",
doi = "https://doi.org/10.1016/j.acha.2010.02.001",
url = "http://www.sciencedirect.com/science/article/pii/S1063520310000205",
author = "A. Singer"
}