@inbook{skiena2012,
author="Skiena, Steven S.",
title="Graph Traversal",
bookTitle="The Algorithm Design Manual",
year="2008",
publisher="Springer London",
address="London",
pages="145--190",
abstract="Graphs are one of the unifying themes of computer science---an abstract representation that describes the organization of transportation systems, human interactions, and telecommunication networks. That so many different structures can be modeled using a single formalism is a source of great power to the educated programmer.",
isbn="978-1-84800-070-4",
doi="10.1007/978-1-84800-070-4_5",
url="https://doi.org/10.1007/978-1-84800-070-4_5"
}

