@article{LI2018,
title = "Rapid, robust, and reliable blind deconvolution via nonconvex optimization",
journal = "Applied and Computational Harmonic Analysis",
year = "2018",
issn = "1063-5203",
doi = "https://doi.org/10.1016/j.acha.2018.01.001",
url = "http://www.sciencedirect.com/science/article/pii/S1063520318300149",
author = "Xiaodong Li and Shuyang Ling and Thomas Strohmer and Ke Wei",
keywords = "Blind deconvolution, Non-convex optimization, Gradient descent, Random matrices"
}