@article{doi:10.1093/imaiai/iax022,
author = {Ling, Shuyang and Strohmer, Thomas},
title = {Regularized gradient descent: a non-convex recipe for fast joint blind deconvolution and demixing},
journal = {Information and Inference: A Journal of the IMA},
volume = {},
number = {},
pages = {iax022},
year = {2018},
doi = {10.1093/imaiai/iax022},
URL = {http://dx.doi.org/10.1093/imaiai/iax022},
eprint = {/oup/backfile/content_public/journal/imaiai/pap/10.1093_imaiai_iax022/3/iax022.pdf}
}