@article{0266-5611-31-11-115002,
  author={Shuyang Ling and Thomas Strohmer},
  title={Self-calibration and biconvex compressive sensing},
  journal={Inverse Problems},
  volume={31},
  number={11},
  pages={115002},
  url={http://stacks.iop.org/0266-5611/31/i=11/a=115002},
  year={2015},
}
