@Book{ref20526540,
author={Tong, Y. L.},
title={The multivariate normal distribution},
year={1990},
publisher={Springer-Verlag},
address={New York}
}

