@Article{watson1953nature,
author={WATSON, J. D.
and CRICK, F. H. C.},
title={Molecular Structure of Nucleic Acids: A Structure for Deoxyribose Nucleic Acid},
journal={Nature},
year={1953},
month={Apr},
day={25},
publisher={Nature Publishing Group SN  -},
volume={171},
pages={737 EP  -},
url={http://dx.doi.org/10.1038/171737a0}
}

