@Article{wilkins1953nature,
author={WILKINS, M. H. F.
and STOKES, A. R.
and WILSON, H. R.},
title={Molecular Structure of Nucleic Acids: Molecular Structure of Deoxypentose Nucleic Acids},
journal={Nature},
year={1953},
month={Apr},
day={25},
publisher={Nature Publishing Group SN  -},
volume={171},
pages={738 EP  -},
url={http://dx.doi.org/10.1038/171738a0}
}

