@book{birkholz2005thinfilm,
author = {Birkholz, Mario; Fewster, Paul F.; and Genzel, Christoph},
title = {Thin Film Analysis by X-Ray Scattering},
year = {2005},
doi = {10.1002/3527607595},
isbn = {9783527310524},
publisher = {Wiley-VCH}
}

%%% BEGIN OLD BIBLIOGRAPHY STUFFS
%%%
@article{Fannjiang:12,
author = {Albert Fannjiang and Wenjing Liao},
journal = {J. Opt. Soc. Am. A},
number = {9},
pages = {1847--1859},
publisher = {OSA},
title = {Phase retrieval with random phase illumination},
volume = {29},
month = {Sep},
year = {2012},
doi = {10.1364/JOSAA.29.001847}
}
%%%
@article{elser2003phase,
  title={Phase retrieval by iterated projections},
  author={Elser, Veit},
  journal={Journal of the Optical Society of America. A, Optics, Image science, and Vision},
  volume={20},
  number={1},
  pages={40--55},
  year={2003},
  publisher={Optical Society of America}
}

%%%
@article{bauschke2003hybrid,
  title={Hybrid projection-reflection method for phase retrieval.},
  author={Bauschke, HH and Combettes, PL and Luke, DR},
  journal={Journal of the Optical Society of America. A, Optics, Image science, and Vision},
  volume={20},
  number={6},
  pages={1025--1034},
  year={2003}
}

%%%
@article{bauschke2002phase,
  title={Phase retrieval, error reduction algorithm, and {F}ienup variants: {A} view from convex optimization},
  author={Bauschke, Heinz H and Combettes, Patrick L and Luke, D Russell},
  journal={Journal of the Optical Society of America. A, Optics, Image science, and Vision},
  volume={19},
  number={7},
  pages={1334--1345},
  year={2002},
  publisher={Optical Society of America}
}

%%%
@article{takajo1999further,
  title={Further study on the convergence property of the hybrid input--output algorithm used for phase retrieval},
  author={Takajo, Hiroaki and Takahashi, Tohru and Shizuma, Takao},
  journal={Journal of the Optical Society of America. A, Optics, Image science, and Vision},
  volume={16},
  number={9},
  pages={2163--2168},
  year={1999},
  publisher={Optical Society of America}
}

%%%
@article{takajo1998study,
  title={Study on the convergence property of the hybrid input--output algorithm used for phase retrieval},
  author={Takajo, Hiroaki and Takahashi, Tohru and Ueda, Ryuzo and Taninaka, Makoto},
  journal={Journal of the Optical Society of America. A, Optics, Image science, and Vision},
  volume={15},
  number={11},
  pages={2849--2861},
  year={1998},
  publisher={Optical Society of America}
}

%%%
@article{takajo1997numerical,
  title={Numerical investigation of the iterative phase-retrieval stagnation problem: {T}erritories of convergence objects and holes in their boundaries},
  author={Takajo, Hiroaki and Takahashi, Tohru and Kawanami, Hiroaki and Ueda, Ryuzo},
  journal={Journal of the Optical Society of America. A, Optics, Image science, and Vision},
  volume={14},
  number={12},
  pages={3175--3187},
  year={1997},
  publisher={Optical Society of America}
}

%%%
@article{BendoryE16,
  title={Non-convex phase retrieval from {STFT} measurements},
  author={Bendory, Tamir and Eldar, Yonina C and Boumal, Nicolas},
  journal={IEEE Transactions on Information Theory},
  volume={64},
  number={1},
  pages={467--484},
  year={2018},
  publisher={IEEE}
}

@article{pfander2016robust,
	Author = {Goetz E. Pfander and Palina Salanevich},
	Journal = {eprint arXiv:1611.02540},
	Title = {Robust Phase Retrieval Algorithm for Time-Frequency Structured Measurements},
	Year = {2016}}

@incollection{gb08,
    author    = {Michael Grant and Stephen Boyd},
    title     = {Graph implementations for nonsmooth convex programs},
    booktitle = {Recent Advances in Learning and Control},
    series    = {Lecture Notes in Control and Information Sciences},
    editor    = {V. Blondel and S. Boyd and H. Kimura},
    publisher = {Springer-Verlag},
    pages     = {95--110},
    year      = 2008,
    note      = {\url{http://stanford.edu/~boyd/graph_dcp.html}}
}
%%%
@book{trefethen1997numerical,
  title={Numerical Linear Algebra},
  author={Trefethen, Lloyd N and Bau III, David},
  volume={50},
  year={1997},
  publisher={SIAM}
}

@article{walther1963question,
   author={{Walther}, A.},
    title = "{The Question of Phase Retrieval in Optics}",
  journal = {Optica Acta},
     year = 1963,
   volume = 10,
    pages = {41-49},
      doi = {10.1080/713817747},
   adsurl = {http://adsabs.harvard.edu/abs/1963AcOpt..10...41W},
  adsnote = {Provided by the SAO/NASA Astrophysics Data System}
}

@ARTICLE{bodmann2013stable,
  title={Stable phase retrieval with low-redundancy frames},
  author={Bodmann, Bernhard G and Hammen, Nathaniel},
  journal={Advances in computational mathematics},
  volume={41},
  number={2},
  pages={317--331},
  year={2015},
  publisher={Springer}
}

@article{li2012sparse,
	Author = {Li, Xiaodong and Voroninski, Vladislav},
	Journal = {SIAM Journal on Mathematical Analysis},
	Number = {5},
	Pages = {3019--3033},
	Publisher = {SIAM},
	Title = {Sparse signal recovery from quadratic measurements via convex programming},
	Volume = {45},
	Year = {2013}}


@article{candes2012phaselift,
  title={Phaselift: {E}xact and stable signal recovery from magnitude measurements via convex programming},
  author={Candes, Emmanuel J and Strohmer, Thomas and Voroninski, Vladislav},
  journal={Communications on Pure and Applied Mathematics},
  volume={66},
  number={8},
  pages={1241--1274},
  year={2013},
  publisher={Wiley Online Library}
}

@inproceedings{bandeira2013near,
  title={Near-optimal phase retrieval of sparse vectors},
  author={Bandeira, Afonso S and Mixon, Dustin G},
  booktitle={Wavelets and Sparsity XV},
  volume={8858},
  pages={88581O},
  year={2013},
  organization={International Society for Optics and Photonics}
}


@article{eldar2012phase,
	Author = {Eldar, Yonina C and Mendelson, Shahar},
	Journal = {Applied and Computational Harmonic Analysis},
	Number = {3},
	Pages = {473--494},
	Publisher = {Elsevier},
	Title = {Phase retrieval: Stability and recovery guarantees},
	Volume = {36},
	Year = {2014}}

@article{balan2006signal,
  title={On signal reconstruction without phase},
  author={Balan, Radu and Casazza, Pete and Edidin, Dan},
  journal={Applied and Computational Harmonic Analysis},
  volume={20},
  number={3},
  pages={345--356},
  year={2006},
  publisher={Elsevier}
}

@inproceedings{balan2007fast,
	Author = {Balan, R. and Bodmann, B.G. and Casazza, P.G. and Edidin, D.},
	Booktitle = {Optical Engineering+ Applications},
	Organization = {International Society for Optics and Photonics},
	Pages = {67011L--67011L},
	Title = {Fast algorithms for signal reconstruction without phase},
	Year = {2007}}

@inproceedings{candes2006encoding,
	Author = {Candes, Emmanuel and Romberg, Justin},
	Booktitle = {Data Compression Conference, 2006. DCC 2006. Proceedings},
	Organization = {IEEE},
	Pages = {33--42},
	Title = {Encoding the $\ell_p$ ball from limited measurements},
	Year = {2006}}


@article{millane1990phase,
  title={Phase retrieval in crystallography and optics},
  author={Millane, RP},
  journal={Journal of the Optical Society of America. A, Optics, Image science, and Vision},
  volume={7},
  number={3},
  pages={394--411},
  year={1990},
  publisher={Optical Society of America}
}

@article{harrison1993phase,
  title={Phase problem in crystallography},
  author={Harrison, Robert W},
  journal={J. Opt. Soc. Am. A},
  volume={10},
  number={5},
  pages={1046--1055},
  year={1993},
  publisher={Optical Society of America}
}

@article{alexeev2014phase,
  title={Phase retrieval with polarization},
  author={Alexeev, Boris and Bandeira, Afonso S and Fickus, Matthew and Mixon, Dustin G},
  journal={SIAM Journal on Imaging Sciences},
  volume={7},
  number={1},
  pages={35--66},
  year={2014},
  publisher={SIAM}
}

@book{Goodman2005IntroFourierOptics,
    title={Introduction to {F}ourier optics},
    author={Goodman, Joseph W},
    year={2005},
    publisher={Roberts and Company Publishers}
}

@article{Dierolf2008Ptych,
    title={Ptychography \& lensless {X}-ray imaging},
    author={Dierolf, Martin and Bunk, Oliver and Kynde,
            S{\o}ren and Thibault, Pierre and Johnson, Ian and
                Menzel, Andreas and Jefimovs, Konstantins and
                David, Christian and Marti, Othmar and Pfeiffer,
            Franz},
    journal={Europhysics News},
    volume={39},
    number={1},
    pages={22--24},
    year={2008},
    publisher={EDP Sciences}
}

@article{marchesini2015alternating,
  title={Alternating projection, ptychographic imaging and phase synchronization},
  author={Marchesini, Stefano and Tu, Yu-Chao and Wu, Hau-tieng},
  journal={Applied and Computational Harmonic Analysis},
  volume={41},
  number={3},
  pages={815--851},
  year={2016},
  publisher={Elsevier}
}

@article{gerchberg1972practical,
  title={A practical algorithm for the determination of the phase from image and diffraction plane pictures},
  author={Gerchberg, R and Saxton, W},
  journal={Optik},
  volume={35},
  pages={237â€”246},
  year={1972}
}

@article{fienup1978reconstruction,
  title={Reconstruction of an object from the modulus of its {F}ourier transform},
  author={Fienup, James R},
  journal={Optics letters},
  volume={3},
  number={1},
  pages={27--29},
  year={1978},
  publisher={Optical Society of America}
}


@article{fienup1982comparison,
  title={Phase retrieval algorithms: {A} comparison},
  author={Fienup, James R},
  journal={Applied Optics},
  volume={21},
  number={15},
  pages={2758--2769},
  year={1982},
  publisher={Optical Society of America}
}


@article{jaganathan2015stft,
  title={{STFT} phase retrieval: Uniqueness guarantees and recovery algorithms},
  author={Jaganathan, Kishore and Eldar, Yonina C and Hassibi, Babak},
  journal={IEEE Journal of selected topics in signal processing},
  volume={10},
  number={4},
  pages={770--781},
  year={2016},
  publisher={IEEE}
}

@inproceedings{salanevich2015polarization,
  title={Polarization based phase retrieval for time-frequency structured measurements},
  author={Salanevich, Palina and Pfander, Gotz E},
  booktitle={Sampling Theory and Applications (SampTA), 2015 International Conference on},
  pages={187--191},
  year={2015},
  organization={IEEE}
}

@article{shechtman2015phase,
  title={Phase retrieval with application to optical imaging: a contemporary overview},
  author={Shechtman, Yoav and Eldar, Yonina C and Cohen, Oren and Chapman, Henry Nicholas and Miao, Jianwei and Segev, Mordechai},
  journal={Signal Processing Magazine, IEEE},
  volume={32},
  number={3},
  pages={87--109},
  year={2015},
  publisher={IEEE}
}

@article{eldar2014sparse,
  title={Sparse Phase Retrieval from Short-Time Fourier Measurements},
  author={Eldar, Y and Sidorenko, Pavel and Mixon, D and Barel, Shaby and Cohen, Oren},
  year={2015},
  volume = {22},
  number = {5},
  journal={IEEE Signal Proc. Letters}
}

@article{Candes2014WF,
    title={Phase retrieval from coded diffraction patterns},
    author={Candes, Emmanuel J and Li, Xiaodong and
        Soltanolkotabi, Mahdi},
    journal={Applied and Computational Harmonic Analysis},
    volume={39},
    number={2},
    year={2015},
    month={Sept.},
    pages={277--299},
    publisher={Elsevier}}

@inproceedings{netrapalli2013phase,
  title={Phase retrieval using alternating minimization},
  author={Netrapalli, Praneeth and Jain, Prateek and Sanghavi, Sujay},
  booktitle={Advances in Neural Information Processing Systems},
  pages={2796--2804},
  year={2013}
}

@article{candes2015phase,
  title={Phase retrieval via {W}irtinger flow: {T}heory and algorithms},
  author={Candes, Emmanuel J and Li, Xiaodong and Soltanolkotabi, Mahdi},
  journal={Information Theory, IEEE Transactions on},
  volume={61},
  number={4},
  pages={1985--2007},
  year={2015},
  publisher={IEEE}
}

@article{gross2015improved,
  title={Improved recovery guarantees for phase retrieval from coded diffraction patterns},
  author={Gross, David and Krahmer, Felix and Kueng, Richard},
  journal={Applied and Computational Harmonic Analysis},
  year={2015},
  publisher={Elsevier}
}

@article{yu2015useful,
  title={A useful variant of the {D}avis--{K}ahan theorem for statisticians},
  author={Yu, Y and Wang, T and Samworth, RJ},
  journal={Biometrika},
  volume={102},
  number={2},
  pages={315--323},
  year={2015},
  publisher={Biometrika Trust}
}


@inproceedings{network_ref,
  title={Distributed clock synchronization over wireless
    networks: {A}lgorithms and analysis},
  author={Giridhar, A. and Kumar, P. R.},
  booktitle={Proc. 45th IEEE Conf. Decis. Control},
  pages={4915-4920},
  organization={IEEE},
  year={2006}
}
%
%%
%
@article{cvision_ref,
  title={A method for enforcing integrability in shape 
    from shading algorithms},
  author={Frankot, R. T. and Chellappa, R.},
  journal={IEEE Trans. Pattern Anal. Mach. Intell.},
  year={1988},
  volume = {10},
  number = {4},
  pages = {439-451}
}
%
%%
%
@article{optics_ref,
  title={Reconstruction of optical surfaces from ray data}, 
  author={Rubinstein, J. and Wolansky, G.},
  journal={Opt. Rev.},
  year={2001},
  volume = {8},
  number = {4},
  pages = {281-283}
}
%
%%
%
@article{ang_sync_singer,
  title={Angular synchronization by eigenvectors and 
    semidefinite programming}, 
  author={Singer, A.},
  journal={Appl. Comput. Harmon. Anal.},
  year={2011},
  volume = {30},
  pages = {20-36}
}
%
%%
%
@ARTICLE{Rodenburg2008,
    title={Ptychography and related diffractive imaging methods},
    author={Rodenburg, JM},
    journal={Advances in Imaging and Electron Physics},
    volume={150},
    pages={87--184},
    year={2008},
    publisher={Elsevier}
}
%
%%%
%
@book{stewart1990matrix,
  title={Matrix Perturbation Theory},
  author={Stewart, GW and Sun, J},
  year={1990},
  publisher={Academic Press}
}

@article{davis1970rotation,
  title={The rotation of eigenvectors by a perturbation. {III}},
  author={Davis, Chandler and Kahan, William Morton},
  journal={SIAM Journal on Numerical Analysis},
  volume={7},
  number={1},
  pages={1--46},
  year={1970},
  publisher={SIAM}
}

@book{horn2012matrix,
  title={Matrix Analysis},
  author={Horn, Roger A and Johnson, Charles R},
  year={2012},
  publisher={Cambridge University Press}
}

@article{hoffman1953variation,
  title={The variation of the spectrum of a normal matrix},
  author={Hoffman, Alan J and Wielandt, Helmut W},
  journal={Duke Math. J},
  volume={20},
  number={1},
  pages={37--39},
  year={1953},
  publisher={World Scientific}
}

@inproceedings{IV_SPIE,
  title={Fast angular synchronization for phase retrieval via incomplete information},
  author={Viswanathan, Aditya and Iwen, Mark},
  booktitle={Wavelets and Sparsity XVI},
  volume={9597},
  pages={959718},
  year={2015},
  organization={International Society for Optics and Photonics}
}

@article{IVW2015_FastPhase,
  title={Fast Phase Retrieval from Local Correlation Measurements},
  author={Iwen, M.A. and Aditya Viswanathan and Yang Wang},
  journal={SIAM Journal on Imaging Sciences},
  year={2016},
  volume={9},
  number={4},
  pages={1655--1688}
}

@article{CandesFix,
  title={Technical Note: A Minor Correction of {T}heorem 1.3 from [1] },
  author={Iwen, Mark and Felix Krahmer and Aditya Viswanathan},
  journal={Unpublished note available at \url{http://users.math.msu.edu/users/markiwen/Papers/PhaseLiftproof.pdf}},
  year={2015},
  month = {April}
}

@article{demanet2014stable,
  title={Stable optimizationless recovery from phaseless linear measurements},
  author={Demanet, Laurent and Hand, Paul},
  journal={Journal of Fourier Analysis and Applications},
  volume={20},
  number={1},
  pages={199--221},
  year={2014},
  publisher={Springer}
}

@inproceedings{jaganathan2013sparse,
  title={Sparse phase retrieval: Convex algorithms and limitations},
  author={Jaganathan, Kishore and Oymak, Samet and Hassibi, Babak},
  booktitle={Information Theory Proceedings (ISIT), 2013 IEEE International Symposium on},
  pages={1022--1026},
  year={2013},
  organization={IEEE}
}

@article{yapar2014fast,
  title={Fast Compressive Phase Retrieval from Fourier Measurements},
  author={Yapar, {\c{C}}a{\u{g}}kan and Pohl, Volker and Boche, Holger},
  journal={arXiv preprint arXiv:1410.7351},
  year={2014}
}

@inproceedings{SCHNITNER!,
title = "Compressive Phase Retrieval via Generalized Approximate Message Passing",
booktitle = "Proc. Allerton Conf. on Communication, Control, and Computing",
year = "2012",
author = "Schniter, P. and Rangan, S."
}

@misc{bitbucket_sparsePR,
  author	= {Iwen, Mark and Wang, Yang and Viswanathan, Aditya},
  title        	= {{SparsePR}: Matlab Software for Sparse Phase Retrieval, version 1.0},
  howpublished = {\url{https://bitbucket.org/charms/sparsepr}},
  month        	= Oct.,
  year         	= 2014
}

@misc{bitbucket_BlockPR,
  author	= {Iwen, Mark and Wang, Yang and Viswanathan, Aditya},
  title        	= {{BlockPR}: Matlab Software for Phase Retrieval 
      using Block Circulant Measurement Constructions and Angular 
      Synchronization, version 2.0},
  howpublished = {\url{https://bitbucket.org/charms/blockpr}},
  month        	= apr,
  year         	= 2016
}

@misc{cvx,
  author	= {Grant, Michael and Boyd, Stephen},
  title        	= {{CVX}: Matlab Software for Disciplined Convex Programming, version 2.1},
  howpublished = {\url{http://cvxr.com/cvx}},
  month        	= mar,
  year         	= 2014
}

@incollection{cvxpaper,
  author    	= {Grant, Michael and Boyd, Stephen},
  title     	= {Graph implementations for nonsmooth convex programs},
  booktitle 	= {Recent Advances in Learning and Control},
  series    	= {Lecture Notes in Control and Information Sciences},
  editor    	= {Blondel, V. and Boyd, S. and Kimura, H.},
  publisher 	= {Springer--Verlag Limited},
  pages     	= {95--110},
  year      	= 2008,
  note      	= {\url{http://stanford.edu/~boyd/graph_dcp.html}}
}

@misc{tfocs,
  author	= {Becker, Stephen and Candes, Emmanuel J. and Grant, Michael},
  title        	= {{TFOCS}: Templates for First-Order Conic Solvers, version 1.3.1},
  howpublished = {\url{http://cvxr.com/tfocs}},
  month        	= "Sep.",
  year         	= 2014
}

@article{tfocspaper,
  title 	= "Templates for convex cone problems with applications to sparse signal recovery",
  author	= {Becker, Stephen and Candes, Emmanuel J. and Grant, Michael},
  journal 	= "Mathematical Programming Computation",
  volume 	= "3",
  number 	= "3",
  pages 	= "165--218",
  year 		= "2011",
  month 	= "Aug."
}

@article{li2013sparse,
  title={Sparse signal recovery from quadratic measurements via convex programming},
  author={Li, Xiaodong and Voroninski, Vladislav},
  journal={SIAM Journal on Mathematical Analysis},
  volume={45},
  number={5},
  pages={3019--3033},
  year={2013},
  publisher={SIAM}
}

@article{candes2014solving,
year={2014},
issn={1615-3375},
journal={Foundations of Computational Mathematics},
volume={14},
number={5},
title={Solving Quadratic Equations via {P}haseLift When There Are About as Many Equations as Unknowns},
publisher={Springer US},
author={Candes, Emmanuel J. and Li, Xiaodong},
pages={1017-1026},
language={English}
}


@article{balan2009painless,
  title={Painless reconstruction from magnitudes of frame coefficients},
  author={Balan, Radu and Bodmann, Bernhard G and Casazza, Peter G and Edidin, Dan},
  journal={Journal of Fourier Analysis and Applications},
  volume={15},
  number={4},
  pages={488--501},
  year={2009},
  publisher={Springer}
}

@article{heinosaari2013quantum,
  title={Quantum tomography under prior information},
  author={Heinosaari, Teiko and Mazzarella, Luca and Wolf, Michael M},
  journal={Communications in Mathematical Physics},
  volume={318},
  number={2},
  pages={355--374},
  year={2013},
  publisher={Springer}
}

@inproceedings{merhi2017recovery,
  title={Recovery of compactly supported functions from spectrogram measurements via lifting},
  author={Merhi, Sami and Viswanathan, Aditya and Iwen, Mark},
  booktitle={Sampling Theory and Applications (SampTA), 2017 International Conference on},
  pages={538--542},
  year={2017},
  organization={IEEE}
}

@ARTICLE{Cheeger,
author = {Afonso S. Bandeira and Amit Singer and Daniel A. Spielman},
title = {A {C}heeger Inequality for the Graph Connection {L}aplacian},
journal = {SIAM Journal on Matrix Analysis and Applications},
volume = {34},
number = {4},
pages = {1611-1630},
year = {2013},
doi = {10.1137/120875338},
}

@article{robust,
  title={An Eigenvector-based Angular Synchronization Method for Phase Retrieval from Local Correlation Measurements},
  author={Mark Iwen and Brian Preskitt and Rayan Saab and Aditya Viswanathan},
  journal={Ongoing writing},
  year={2016}
}

@book{chungspectral,
  title={Spectral Graph Theory},
  author={Chung, Fan RK},
  number={92},
  year={1997},
  publisher={American Mathematical Society}
}

@ARTICLE{arXiv:1105.5628_MarchesiniEtAl,
   author = {{Yang}, C. and {Qian}, J. and {Schirotzek}, A. and {Maia}, F. and 
	{Marchesini}, S.},
    title = "{Iterative Algorithms for Ptychographic Phase Retrieval}",
  journal = {ArXiv e-prints},
archivePrefix = "arXiv",
   eprint = {1105.5628},
 primaryClass = "physics.optics",
 keywords = {Physics - Optics, Mathematics - Optimization and Control, Physics - Data Analysis, Statistics and Probability},
     year = 2011,
    month = may,
   adsurl = {http://adsabs.harvard.edu/abs/2011arXiv1105.5628Y},
  adsnote = {Provided by the SAO/NASA Astrophysics Data System}
}
