@article{bandeira2016se_sync,
  author    = {David M. Rosen and
               Luca Carlone and
               Afonso S. Bandeira and
               John J. Leonard},
  title     = {{$SE$}-Sync: A Certifiably Correct Algorithm for Synchronization over the Special Euclidean Group},
  journal   = {CoRR},
  volume    = {abs/1611.00128},
  year      = {2016},
  url       = {http://arxiv.org/abs/1611.00128},
  archivePrefix = {arXiv},
  eprint    = {1611.00128},
  timestamp = {Mon, 13 Aug 2018 16:49:02 +0200},
  biburl    = {https://dblp.org/rec/bib/journals/corr/RosenCBL16},
  bibsource = {dblp computer science bibliography, https://dblp.org}
}

@Article{bandeira2016tightness,
author={Bandeira, Afonso S.
and Boumal, Nicolas
and Singer, Amit},
title="Tightness of the maximum likelihood semidefinite relaxation for angular synchronization",
journal="Mathematical Programming",
year="2017",
month="May",
day="01",
volume="163",
number="1",
pages="145--167",
issn="1436-4646",
doi="10.1007/s10107-016-1059-6",
url="https://doi.org/10.1007/s10107-016-1059-6"
}