@article{ferwerda1975electron,
author = { A.J.J.   Drenth  and  A.M.J.   Huiser  and  H.A.   Ferwerda },
title = {The Problem of Phase Retrieval in Light and Electron Microscopy of Strong Objects},
journal = {Optica Acta: International Journal of Optics},
volume = {22},
number = {7},
pages = {615-628},
year = {1975},
doi = {10.1080/713819083},

URL = { 
        http://dx.doi.org/10.1080/713819083
    
},
eprint = { 
        http://dx.doi.org/10.1080/713819083
    }
}                  
@article{millane1990phase,
  title={Phase retrieval in crystallography and optics},
  author={Millane, RP},
  journal={Journal of the Optical Society of America A},
  volume={7},
  number={3},
  pages={394--411},
  year={1990},
  publisher={Optical Society of America}
}
                  
@article{gerchberg1972practical,
  title={A practical algorithm for the determination of the phase from image and diffraction plane pictures},
  author={Gerchberg, R and Saxton, W},
  journal={Optik},
  volume={35},
  pages={237â€”246},
  year={1972}
}

@article{walther1963question,
   author={{Walther}, A.},
    title = "{The Question of Phase Retrieval in Optics}",
    journal = {Optica Acta: International Journal of Optics},
     year = 1963,
   volume = 10,
    pages = {41-49},
      doi = {10.1080/713817747},
   adsurl = {http://adsabs.harvard.edu/abs/1963AcOpt..10...41W},
  adsnote = {Provided by the SAO/NASA Astrophysics Data System}
}

@book{trefethen1997numerical,
  title={Numerical Linear Algebra},
  author={Trefethen, Lloyd N and Bau III, David},
  volume={50},
  year={1997},
  publisher={SIAM}
}

@article{singer2011angular,
  title={Angular synchronization by eigenvectors and semidefinite programming},
  author={Singer, Amit},
  journal={Applied and Computational Harmonic Analysis},
  volume={30},
  number={1},
  pages={20--36},
  year={2011},
  publisher={Elsevier}
}

@book{horn1991topics,
  title={Topics in Matrix Analysis},
  author={Horn, Roger A and Johnson, Charles R},
  publisher={Cambridge University Press},
  year={1991}
}

@article{rodenburg2008ptychography,
  title={Ptychography and related diffractive imaging methods},
  author={Rodenburg, JM},
  journal={Advances in Imaging and Electron Physics},
  volume={150},
  pages={87--184},
  year={2008},
  publisher={Elsevier}
}

@article{iwen2016phase,
  title={Phase Retrieval from Local Measurements: Improved Robustness via Eigenvector-Based Angular Synchronization},
  author={Iwen, Mark A and Preskitt, Brian and Saab, Rayan and Viswanathan, Aditya},
  note={preprint arXiv:1612.01182},
  year={2016}
}

@article{iwen2016fast,
  title={Fast phase retrieval from local correlation measurements},
  author={Iwen, Mark A and Viswanathan, Aditya and Wang, Yang},
  journal={SIAM Journal on Imaging Sciences},
  volume={9},
  number={4},
  pages={1655--1688},
  year={2016},
  publisher={SIAM}
}

@inproceedings{viswanathana2015fast,
  title={Fast angular synchronization for phase retrieval via incomplete information},
  author={Viswanathan, Aditya and Iwen, Mark},
  booktitle={Proceedings of SPIE},
  volume = {9597},
  number = {},
  pages = {959718-959718-8},
  year={2015}
}

@article{candes2013phaselift,
  title={Phaselift: Exact and stable signal recovery from magnitude measurements via convex programming},
  author={Candes, Emmanuel J and Strohmer, Thomas and Voroninski, Vladislav},
  journal={Communications on Pure and Applied Mathematics},
  volume={66},
  number={8},
  pages={1241--1274},
  year={2013},
  publisher={Wiley Online Library}
}
